<?xml version="1.0" encoding="UTF-8" ?><marc:collection xmlns:marc="http://www.loc.gov/MARC21/slim" xmlns:xsi="http://www.w3.org/2001/XMLSchema-instance" xsi:schemaLocation="http://www.loc.gov/MARC21/slim http://www.loc.gov/standards/marcxml/schema/MARC21slim.xsd">
<marc:record><marc:leader>01476cpc a2200217Ia 4500</marc:leader>
<marc:controlfield tag="001">002147978</marc:controlfield>
<marc:controlfield tag="003">OCoLC</marc:controlfield><marc:controlfield tag="005">20121017160010.0</marc:controlfield><marc:controlfield tag="008">960730i18061813vp                  ger d</marc:controlfield><marc:datafield tag="035" ind1=" " ind2=" "><marc:subfield code="a">35160733</marc:subfield></marc:datafield><marc:datafield tag="040" ind1=" " ind2=" "><marc:subfield code="a">NDK</marc:subfield><marc:subfield code="c">NDK</marc:subfield></marc:datafield><marc:datafield tag="049" ind1=" " ind2=" "><marc:subfield code="a">NDNX</marc:subfield></marc:datafield><marc:datafield tag="096" ind1=" " ind2=" "><marc:subfield code="a">x</marc:subfield></marc:datafield><marc:datafield tag="100" ind1="1" ind2=" "><marc:subfield code="a">Loder, Just Christian von,</marc:subfield><marc:subfield code="d">1753-1832.</marc:subfield></marc:datafield><marc:datafield tag="245" ind1="1" ind2="0"><marc:subfield code="a">Papers,</marc:subfield><marc:subfield code="f">1806-1813.</marc:subfield></marc:datafield><marc:datafield tag="300" ind1=" " ind2=" "><marc:subfield code="a">2</marc:subfield><marc:subfield code="f">items.</marc:subfield></marc:datafield><marc:datafield tag="520" ind1="8" ind2=" "><marc:subfield code="a">ALS. Loder writes of his situation and that of friends and family during the Napoleonic Wars, from Narva in 1806 and from Moscow in 1813. In the first letter, he bemoans the defeat of the German states; mentions the student unrest at the University of Halle and the subsequent closing of the university as yet another setback for the German nation; and sees Russia as the only &quot;nation&quot; which can now hope to defeat Napoleon. Loder, educated in Germany, was born in Riga, Estonia, and thus could be considered a Russian. In the second letter, he expresses fierce Russian nationalist sentiments, for which uncharacteristic effusions he explains that he cannot give reasons in writing. Probably he meant to appease the Russian censors. In this letter he details his efforts to organize and oversee the operation of the field hospital in Kassimoff and describes Moscow before and after the siege.</marc:subfield></marc:datafield><marc:datafield tag="545" ind1=" " ind2=" "><marc:subfield code="a">Surgeon and anatomist.</marc:subfield></marc:datafield><marc:datafield tag="500" ind1=" " ind2=" "><marc:subfield code="a">Forms part of the Trent Manuscripts Collection.</marc:subfield></marc:datafield><marc:datafield tag="690" ind1=" " ind2=" "><marc:subfield code="a">Napoleonic Wars, 1800-1815.</marc:subfield></marc:datafield><marc:datafield tag="710" ind1="2" ind2=" "><marc:subfield code="a">History of Medicine Collections (Duke University)</marc:subfield></marc:datafield></marc:record>
</marc:collection>
